@online{fftw,
	url={https://www.fftw.org/},
	title={FFTW Home Page}
};

@online{qt, 
	url={https://www.qt.io/},
	title={QT}
}